@phdthesis{Gar07,
	author       = "Diego Garbervetsky",
	title        = "Parametric specification of dymamic memory utilization",
	school       = "Departamento de Computación, FCEyN, UBA",
	year         = "2007",
	address      = "",
	month        = "November",
}
@misc{Rou09,
	author = "Martín Rouaux",
	title = "{Predicción paramétrica de requerimientos de memoria. Especificación modular.}",
	year = "2009",
	howpublished = "Tesis de Licenciatura, Departamento de Computación, FCEyN, UBA",
}
@inproceedings{Sas05,
    author = "Wei-Ngan Chin and Huu Hai Nguyen and Shengchao Qin and Martin Rinard",
    title = "{Memory Usage Verification for OO Programs}",
    booktitle = "International Simposium of Static Analysis (SAS'05)",
	series = {LNCS},
	pages = {70-86},
    year = "2005",
}
@inproceedings{Gmg05,
	title = {Precise Analysis of Memory Consumption using Program Logics.},
	author = {Gilles Barthe and Mariela Pavlova and Gerardo Schneider},
	booktitle = {SEFM},
	editor = {Bernhard K. Aichernig and Bernhard Beckert},
	pages = {86-95},
	publisher = {IEEE Computer Society},
	url = {http://dblp.uni-trier.de/db/conf/sefm/sefm2005.html#BarthePS05},
	year = {2005},
	description = {dblp},
	ee = {http://doi.ieeecomputersociety.org/10.1109/SEFM.2005.34}, isbn = {0-7695-2435-4}, date = {2006-01-06},
	keywords = {dblp}
}
@misc{Ff10,
  author = "Manuel Fähndrich and Francesco Logozzo",
  year = {2009},
  title = "{Clousot: a language agnostic abstract interpretation-based static analyzer for .NET}",
  howpublished = "\url{http://research.microsoft.com/en-us/people/logozzo/}"
}
@inproceedings{Ct04,
    title = {A Symbolic Approach to Bernstein Expansion for Program Analysis and Optimization},
    author= {Philippe Clauss and Irina Tchoupaeva},
    booktitle = {13th International Conference on Compiler Construction, CC 2004},
    series = {LNCS},
    volume = {2985},
    publisher = {Springer},
    pages = {120-133},
    editor = {Evelyn Duesterwald},
    location = {Barcelona, Spain},
    month = {April},
    year  = {2004},
}
@article{Esop05,
	author = {Ajay Chander and David Espinosa and Nayeem Islam and Peter Lee and George Necula},
	title = {Enforcing Resource Bounds via Static Verification of Dynamic Checks},
	journal = {ACM Trans. Program. Lang. Syst.},
	volume = {29},
	number = {5},
	year = {2007},
	issn = {0164-0925},
	pages = {28},
	doi = {http://doi.acm.org/10.1145/1275497.1275503},
	publisher = {ACM Press},
	address = {New York, NY, USA},
}
@inproceedings{Cav09,
	author    = {Sumit Gulwani},
	title     = {SPEED: Symbolic Complexity Bound Analysis},
	booktitle = {CAV},
	year      = {2009},
	pages     = {51-62},
	ee        = {http://dx.doi.org/10.1007/978-3-642-02658-4_7},
	publisher = {Springer},
	series    = {Lecture Notes in Computer Science},
	editor    = {Ahmed Bouajjani and
				 Oded Maler},
	volume    = {5643},
	isbn      = {978-3-642-02657-7},
	bibsource = {DBLP, http://dblp.uni-trier.de}
}
@inproceedings{Pldi10,
	author = "Sumit Gulwani and Florian Zuleger",
	title = {The Reachability-Bound Problem},
	booktitle = {Proceedings of the 2010 ACM SIGPLAN conference on Programming language design and implementation},
	series = {PLDI '10},
	year = {2010},
	isbn = {978-1-4503-0019-3},
	location = {Toronto, Ontario, Canada},
	pages = {292--304},
	numpages = {13},
	url = {http://doi.acm.org/10.1145/1806596.1806630},
	doi = {http://doi.acm.org/10.1145/1806596.1806630},
	acmid = {1806630},
	publisher = {ACM},
	address = {New York, NY, USA},
	keywords = {disjunctive invariants, pattern matching, ranking functions, resource bound analysis, transitive closure},
} 
@book{RTSJ,
	author = "James Gosling and Greg Bollella",
	title = {The Real-Time Specification for Java},
	year = {2000},
	isbn = {0201703238},
	publisher = {Addison-Wesley Longman Publishing Co., Inc.},
}
@article{regmem,
	author = "Mads Tofte and Jean-Pierre Talpin",
	title = "{Region-Based Memory Management}",
	journal = {Inf. Comput.},
	volume = {132},
	issue = {2},
	month = {February},
	year = {1997},
	issn = {0890-5401},
	pages = {109--176},
	numpages = {68},
	url = {http://portal.acm.org/citation.cfm?id=249657.249661},
	doi = {10.1006/inco.1996.2613},
	acmid = {249661},
	publisher = {Academic Press, Inc.},
	address = {Duluth, MN, USA},
}
@inproceedings{JML,
	author = {Gary T. Leavens and K. Rustan and M. Leino and Erik Poll and Clyde Ruby and Bart Jacobs and Gary T. Leavens and Clyde Ruby},
	title = {JML: notations and tools supporting detailed design in Java},
	booktitle = {In OOPSLA 2000 Companion},
	year = {2000},
	pages = {105--106},
	publisher = {ACM}
}
@InProceedings{specsharp,
	author = {Mike Barnett and K. Rustan M. Leino and Wolfram Schulte},
	title = "{The Spec\# Programming System: An Overview} (\url{http://research.microsoft.com/en-us/projects/specsharp/})",
	booktitle = {{CASSIS 2004}},
	series = lncs,
	volume = 3362,
	publisher = "Springer",
	year = 2005,
	pages = "49--69",
	editor = "Gilles Barthe and Lilian Burdy and Marieke Huisman and Jean-Louis Lanet and Traian Muntean",
}
@inproceedings{codecontracts,
	author = "Manuel Fähndrich and Michael Barnett and Francesco Logozzo",
	title = "{Embedded Contract Languages} (\url{http://research.microsoft.com/en-us/projects/contracts/})",
	booktitle = {Proceedings of the 2010 ACM Symposium on Applied Computing},
	series = {SAC '10},
	year = {2010},
	isbn = {978-1-60558-639-7},
	location = {Sierre, Switzerland},
	pages = {2103--2110},
	numpages = {8},
	url = {http://doi.acm.org/10.1145/1774088.1774531},
	doi = {http://doi.acm.org/10.1145/1774088.1774531},
	acmid = {1774531},
	publisher = {ACM},
	address = {New York, NY, USA},
	keywords = {.NET, C\#, CodeContracts},
}
@article{barvinok,
  title={{Symbolic polynomial maximization over convex sets and its application to memory requirement estimation}},
  author={Clauss, P. and Fernandez, F.J. and Garbervetsky, D. and Verdoolaege, S.},
  journal={Very Large Scale Integration (VLSI) Systems, IEEE Transactions on},
  volume={17},
  number={8},
  pages={983--996},
  issn={1063-8210},
  year={2009},
  publisher={IEEE}
}
@InProceedings{BFGL07,
  author       = "Barnett, Mike and Fähndrich, Manuel and Garbervetsky, Diego and Logozzo, Francesco",
  title        = "{Annotations for (more) Precise Points-to Analysis}",
  booktitle    = "IWACO 2007: ECOOP International Workshop on Aliasing, Confinement and Ownership in object-oriented programming",
  month        = "jul",
  year         = "2007",
  url          = "http://publicaciones.dc.uba.ar/Publications/2007/BFGL07"
}
@article{daikon,
	author = "Michael D. Ernst and Jeff H. Perkins and Philip J. Guo and Stephen McCamant and Carlos Pacheco and Matthew S. Tschantz and Chen Xiao",
	title = "{The Daikon system for dynamic detection of likely invariant}",
	journal = {Science of Computer Programming},
	volume = {69},
	number = {1--3},
	pages = {35--45},
	month = dec,
	year = {2007}
}
@article{pluginCC,
	author = "Microsoft",
	title = "{Code Contracts Editor Extensions} (\url{http://visualstudiogallery.msdn.microsoft.com/en-us/85f0aa38-a8a8-4811-8b86-e7f0b8d8c71b})",
	year = "2010",
}
@article{implSun,
	author = "Sun",
	title = "{Sun Java Real-Time System} (\url{http://java.sun.com/javase/technologies/realtime/})",
	year = "2009",
}
@article{CCImeta,
	author = "Microsoft Research",
	title = "{Common Compiler Infrastructure: Metadata API} (\url{http://ccimetadata.codeplex.com/})",
	year = "2010",
}
@article{CCIast,
	author = "Microsoft Research",
	title = "{Common Compiler Infrastructure: Code Model and AST API} (\url{http://cciast.codeplex.com/})",
	year = "2010",
}
@article{Z3,
	author = "Leonardo de Moura and Nikolaj Bjørner",
	title = "{Z3: An Efficient SMT Solver} (\url{http://research.microsoft.com/en-us/um/redmond/projects/z3/})",
	year = "2009",
}
@InProceedings{Boogie,
	author = "Mike Barnett and Bor-Yuh Evan Chang and Robert DeLine and Bart Jacobs and K. Rustan M. Leino",
	title = "{Boogie: A Modular Reusable Verifier for Object-Oriented Programs}",
	booktitle = "FMCO 2005",
	series = lncs,
	volume = 4111,
	publisher = "Springer",
	month = sep,
	year = 2006,
	pages = "364--387",
	editor = "de Boer, Frank S. and Marcello M. Bonsangue and Susanne Graf and de Roever, Willem-Paul",
}
@misc{testisKrasnyGrunberg,
	author = "Matías Grunberg and Gastón Krasny",
	title = "{Un análisis composicional para la inferencia de resúmenes de consumo de memoria}",
	year = "2010",
	howpublished = "Tesis de Licenciatura, Departamento de Computación, FCEyN, UBA",
}
@MISC{Gheorghioiu02staticallydetermining,
	author = {Ovidiu Gheorghioiu},
	title = {Statically Determining Memory Consumption of Real-Time Java Threads},
	howpublished = "MEng thesis, Massachusetts Institute of Technology",
	url = "http://citeseer.nj.nec.com/gheorghioiu02statically.html",
	year = "2002",
	month = jun,
}
